% Encoding: UTF-8

@Online{wolfram-airy-f,
  author     = {Weisstein, Eric W},
  title      = {Airy Functions},
  url        = {https://mathworld.wolfram.com/AiryFunctions.html},
  titleaddon = {Wolfram Mathworld},
  urldate    = {2020-10-28},
}

@Online{wolfram-airy-de,
  author     = {Weisstein, Eric W},
  title      = {Airy Differential Equation},
  url        = {https://mathworld.wolfram.com/AiryDifferentialEquation.html},
  titleaddon = {Wolfram Mathworld},
  urldate    = {2020-10-28},
}

@Online{enc-math,
  title      = {Airy Functions},
  url        = {https://encyclopediaofmath.org/wiki/Airy_functions},
  titleaddon = {Encyclopedia of Mathematics},
  urldate    = {2020-10-28},
}

@Comment{jabref-meta: databaseType:biblatex;}
